% Encoding: UTF-8

@book{Knuth1998,
 author = {Knuth, Donald E.},
 title = {The art of computer programming,  volume 3: (2nd ed.) sorting and searching},
 year = {1998},
 publisher = {Addison Wesley Longman Publishing Co., Inc.},
 address = {Redwood City, CA, USA}
}

@book{Pollefliet2011,
  author = {Pollefliet, Leen},
  title = {Schrijven van verslag tot eindwerk: do's en don'ts},
  year = {2011},
  publisher = {Academia Press},
  address = {Gent}
}

@article{Creeger2009,
  author = {Creeger, Mache},
  journal = {Communications of the ACM},
  number = {8},
  pages = {50--56},
  title = {{CTO Roundtable: Cloud Computing}},
  volume = {52},
  year = {2009}
}

@WWW{DefiningWorkflows,
  title        = {Defining Workflows},
  url          = {https://docs.trustbuilder.com/product/workflows},
  organization = {TrustBuilder},
  urldate      = {2024-03-14},
}

@WWW{Auth0Triggers,
  title        = {Explore Flows and Triggers},
  url          = {https://auth0.com/docs/customize/actions/flows-and-triggers},
  organization = {Okta},
  urldate      = {2024-03-22},
}

@WWW{GitHubActions,
  date         = {2024},
  title        = {Understanding GitHub Actions},
  url          = {https://docs.github.com/en/actions/learn-github-actions/understanding-github-actions},
  organization = {GitHub, Inc.},
  urldate      = {2024-03-22},
}

@WWW{GitHubCustomActions,
  date         = {2024},
  title        = {About custom actions},
  url          = {https://docs.github.com/en/actions/creating-actions/about-custom-actions},
  organization = {GitHub, Inc.},
  urldate      = {2024-03-22},
}

@Comment{jabref-meta: databaseType:biblatex;}
