% Encoding: UTF-8

@Article{SabiEtAl2016,
  author       = {Sabi, Humphrey M. and Uzoka, Faith-Michael E. and Langmia, Kehbuma and Njeh, Felix M.},
  title        = {Conceptualizing a model for adoption of cloud computing in education},
  journaltitle = {International Journal of Information Management},
  year         = {2016},
  volume       = {36},
  number       = {2},
  pages        = {183--191},
  doi          = {10.1016/j.ijinfomgt.2015.11.010},
  url          = {http://www.sciencedirect.com/science/article/pii/S0268401215001115},
}

@Online{LewisFowler2014,
  author    = {Lewis, James and Fowler, Martin},
  title     = {Microservices: a definition of this new architectural term},
  date      = {2014-03-25},
  url       = {http://martinfowler.com/articles/microservices.html},
  urldate   = {2016-09-01},
}

@Online{Hykes2013,
  author    = {Solomon Hykes},
  title     = {The future of Linux Containers (PyCon 2013)},
  date      = {2013-03-21},
  url       = {https://www.youtube.com/watch?v=wW9CAH9nSLs},
  urldate   = {2016-09-01},
}

@Online{Auth0Actions,
  title = {Understand How Auth0 Actions Work},
  url   = {https://auth0.com/docs/customize/actions/actions-overview},
}

@Misc{Hardt2012,
  author       = {Dick Hardt},
  date         = {2012-10},
  title        = {{The OAuth 2.0 Authorization Framework}},
  doi          = {10.17487/RFC6749},
  howpublished = {RFC 6749},
  url          = {https://www.rfc-editor.org/info/rfc6749},
  abstract     = {The OAuth 2.0 authorization framework enables a third-party application to obtain limited access to an HTTP service, either on behalf of a resource owner by orchestrating an approval interaction between the resource owner and the HTTP service, or by allowing the third-party application to obtain access on its own behalf. This specification replaces and obsoletes the OAuth 1.0 protocol described in RFC 5849. {[}STANDARDS-TRACK{]}},
  number       = {6749},
  pagetotal    = {76},
  publisher    = {RFC Editor},
  series       = {Request for Comments},
}

@Online{Varda2017,
  author = {Kenton Varda},
  date   = {2017-09-29},
  title  = {Introducing Cloudflare Workers: Run JavaScript Service Workers at the Edge},
  url    = {https://blog.cloudflare.com/introducing-cloudflare-workers/},
}

@Online{JetBrains2023,
  author       = {JetBrains},
  date         = {2023-11-20},
  title        = {The State of Developer Ecosystem 2023},
  url          = {https://www.jetbrains.com/lp/devecosystem-2023/},
  organization = {JetBrains s.r.o.},
}

@Online{StackOverflow2023,
  author       = {{Stack Overflow Labs}},
  date         = {2023-06-13},
  title        = {Stack Overflow Developer Survey 2023},
  url          = {https://survey.stackoverflow.co/2023/},
  organization = {Stack Overflow Labs},
}

 
@InProceedings{Naik2016,
  author    = {Naik, Nitin and Jenkins, Paul},
  booktitle = {2016 IEEE 14th Intl Conf on Dependable, Autonomic and Secure Computing, 14th Intl Conf on Pervasive Intelligence and Computing, 2nd Intl Conf on Big Data Intelligence and Computing and Cyber Science and Technology Congress(DASC/PiCom/DataCom/CyberSciTech)},
  date      = {2016-08},
  title     = {An Analysis of Open Standard Identity Protocols in Cloud Computing Security Paradigm},
  doi       = {10.1109/dasc-picom-datacom-cyberscitec.2016.85},
  publisher = {IEEE},
}

@Misc{Sakimura2014,
  author = {Nat Sakimura and John Bradley and Michael B. Jones and Breno de Medeiros and Chuck Mortimore},
  date   = {2014-11-08},
  title  = {OpenID Connect Core 1.0},
  url    = {https://openid.net/specs/openid-connect-core-1_0.html},
}

@Misc{Jones2015,
  author       = {Michael B. Jones and John Bradley and Nat Sakimura},
  date         = {2015-05},
  title        = {{JSON Web Token (JWT)}},
  doi          = {10.17487/RFC7519},
  howpublished = {RFC 7519},
  url          = {https://www.rfc-editor.org/info/rfc7519},
  abstract     = {JSON Web Token (JWT) is a compact, URL-safe means of representing claims to be transferred between two parties. The claims in a JWT are encoded as a JSON object that is used as the payload of a JSON Web Signature (JWS) structure or as the plaintext of a JSON Web Encryption (JWE) structure, enabling the claims to be digitally signed or integrity protected with a Message Authentication Code (MAC) and/or encrypted.},
  number       = {7519},
  pagetotal    = {30},
  publisher    = {RFC Editor},
  series       = {Request for Comments},
}

@Misc{Hardt2023,
  author = {Dick Hardt and Aaron Parecki and Torsten Lodderstedt},
  date   = {2023-07-10},
  title  = {The OAuth 2.1 Authorization Framework},
  url    = {https://www.ietf.org/archive/id/draft-ietf-oauth-v2-1-09.html},
}

@Misc{Bertocci2021,
  author       = {Vittorio Bertocci},
  date         = {2021-10},
  title        = {{JSON Web Token (JWT) Profile for OAuth 2.0 Access Tokens}},
  doi          = {10.17487/RFC9068},
  howpublished = {RFC 9068},
  url          = {https://www.rfc-editor.org/info/rfc9068},
  abstract     = {This specification defines a profile for issuing OAuth 2.0 access tokens in JSON Web Token (JWT) format. Authorization servers and resource servers from different vendors can leverage this profile to issue and consume access tokens in an interoperable manner.},
  number       = {9068},
  pagetotal    = {15},
  publisher    = {RFC Editor},
  series       = {Request for Comments},
}

@Misc{Jones2015a,
  author       = {Michael B. Jones and Brian Campbell and Chuck Mortimore},
  date         = {2015-05},
  title        = {{JSON Web Token (JWT) Profile for OAuth 2.0 Client Authentication and Authorization Grants}},
  doi          = {10.17487/RFC7523},
  howpublished = {RFC 7523},
  url          = {https://www.rfc-editor.org/info/rfc7523},
  abstract     = {This specification defines the use of a JSON Web Token (JWT) Bearer Token as a means for requesting an OAuth 2.0 access token as well as for client authentication.},
  number       = {7523},
  pagetotal    = {12},
  publisher    = {RFC Editor},
  series       = {Request for Comments},
}

@Online{OpenJSFoundation,
  author  = {{OpenJS Foundation} AND {Node.js contributors}},
  title   = {Introduction to Node.js},
  url     = {https://nodejs.org/en/learn/getting-started/introduction-to-nodejs},
  urldate = {2023-12-13},
}

@Online{NCC1995,
  author = {{Netscape Communications Corporation} and {Sun Microsystems, Inc.}},
  date   = {1995-12-04},
  title  = {NETSCAPE AND SUN ANNOUNCE JAVASCRIPT, THE OPEN, CROSS-PLATFORM OBJECT SCRIPTING LANGUAGE FOR ENTERPRISE NETWORKS AND THE INTERNET},
  url    = {https://web.archive.org/web/20070916144913/https://wp.netscape.com/newsref/pr/newsrelease67.html},
}

@Comment{jabref-meta: databaseType:biblatex;}
